
%% http://www.citationmachine.net/


%%%%%%%%%%%%%%%%%%%%%  iTEXT    %%%%%%%%%%%%%%%%%%%%%%%%%%%%%%%%%%% 
%Used
@book{lowagie_2010, title={iText in Action, Second Edition}, publisher={Manning Publications}, author={Lowagie, Bruno}, year={2010}}

@book{itexthistory, place={Greenwich, Conn.}, title={iText in action: creating and manipulating PDF}, publisher={Manning}, author={Lowagie, Bruno}, year={2010}}


%%%%%%%%%%%%%%%%%%%%%  Jasper Report    %%%%%%%%%%%%%%%%%%%%%%%%%%%%%%%%%%% 
%USED
@book{heffelfinger_2009, place={Birmingham}, title={JasperReports 3.5 for Java developers: create, design, format and export reports with the worlds most popular Java reporting library}, publisher={Packt Publ.}, author={Heffelfinger, David R.}, year={2009}}



@book{siddiqui_2010, title={JasperReports 3.6 Development Cookbook: Over 50 Recipes to Create Next-generation Reports Using JasperReports}, publisher={Packt Publishing}, author={Siddiqui, Bilal}, year={2010}}





%% Memory TO use  !
@misc{mgeise_2012, title={Memory Management with JasperReports and JasperReports Server}, url={https://community.jaspersoft.com/wiki/memory-management-jasperreports-and-jasperreports-server}, journal={Jaspersoft Community}, publisher={Jaspersoft Community}, author={Mgeise}, year={2012}, month={Jan}}



%%%%%%%%%%%%%%%%%%%%%  Apache PDFBox    %%%%%%%%%%%%%%%%%%%%%%%%%%%%%%%%%%% 

@misc{apache_pdfbox, title={Apache PDFBox® - A Java PDF Library}, url={https://pdfbox.apache.org/}, journal={Apache PDFBox | A Java PDF Library}}


% USED  For History porpuse
@misc{apachepdfbox_history, title={Apache PDFBox and FontBox 1.0.0 released}, url={http://www.h-online.com/open/news/item/Apache-PDFBox-and-FontBox-1-0-0-released-932436.html}, journal={Apache PDFBox and FontBox 1.0.0 released - The H Open: News and Features}, year={2010}, month={Feb}}



%%%%%%%%%%%%%%%%%%%%%  JMeter    %%%%%%%%%%%%%%%%%%%%%%%%%%%%%%%%%%% 

%USED
@book{Halili:2008:AJ:1481606,
 author = {Halili, Emily},
 title = {Apache JMeter},
 year = {2008},
 isbn = {1847192955, 9781847192950},
 publisher = {Packt Publishing},
} 
%USED
@book{erinle_2013, title={Performance Testing With JMeter 2.9}, publisher={Packt Publishing}, author={Erinle, Bayo}, year={2013}}

%%%%%%%%%%%%%%%%%%%%%  Performance    %%%%%%%%%%%%%%%%%%%%%%%%%%%%%%%%%%% 

%USED
@book{molyneaux2014art,
  title={The Art of Application Performance Testing: From Strategy to Tools},
  author={Molyneaux, I.},
  isbn={9781491900543},
  series={Theory in practice},
  url={https://books.google.ch/books?id=lKXboAEACAAJ},
  year={2014},
  publisher={O'Reilly Media, Incorporated}
}
% USED
@article{miller_1968, title={Response time in man-computer conversational transactions}, volume={33}, DOI={10.1145/1476589.1476628}, journal={Proceedings of the December 9-11, 1968, fall joint computer conference, part I on - AFIPS 68 (Fall, part I)}, author={Miller, Robert B.}, year={1968}, pages={267–276}}



%%%%%%%%%%%%%%%%%%%%%  Heroku    %%%%%%%%%%%%%%%%%%%%%%%%%%%%%%%%%%% 


@book{middleton_2014, place={Farnham}, title={Heroku: up and running}, publisher={OReilly}, author={Middleton, Neil}, year={2014}}

@book{hanjura_2014, title={Heroku Cloud Application Development}, publisher={Packt Publishing}, author={Hanjura, Anubhav}, year={2014}}


%%%%%%%%%%%% Others    %%%%%%%%%%%%%%%%%%%%%%%%%%%%%%%%%%% 
%Checked used for Verfügbarekeit
@book{richardson_ruby_2007, place={Beijing}, title={RESTful web services:}, publisher={OReilly}, author={Richardson, Leonard and Ruby, Sam}, year={2007}}


%USED
@book{sommerville_2012, place={München}, title={Software engineering}, publisher={Pearson}, author={Sommerville, Ian}, year={2012}}


%%%%%%%%%%%% About PDF 
%USED
@book{whitington_2012, place={Beijing}, title={PDF explained}, publisher={OReilly}, author={Whitington, John}, year={2012}}





%% interesting Links : 

%% https://stackoverflow.com/questions/8246425/looking-for-an-alternative-to-jasperreports

%% https://community.jaspersoft.com/system/files/restricted-docs/jaspersoft-studio-user-guide_5.pdf

%% https://www.amazon.de/gp/offer-listing/1849510768/ref=sr_1_2_olp?s=books-intl-de&ie=UTF8&qid=1503303766&sr=1-2&keywords=JasperReports

%% https://www.amazon.de/s/ref=nb_sb_noss?__mk_de_DE=%C3%85M%C3%85%C5%BD%C3%95%C3%91&url=search-alias%3Denglish-books&field-keywords=JasperReports

%% https://www.amazon.de/s/ref=nb_sb_noss?__mk_de_DE=%C3%85M%C3%85%C5%BD%C3%95%C3%91&url=search-alias%3Denglish-books&field-keywords=iText&rh=n%3A52044011%2Ck%3AiText

%%SOA Performance
%%https://www.cscan.org/openaccess/?id=175

%% Aufbau ähnlich wie meine Arbeit : 
%% https://wr.informatik.uni-hamburg.de/_media/research:theses:simon_kostede_performanceanalyse_der_ein__ausgabe_des___kologiemodells_ecoham5.pdf

%%%https://www.amazon.de/s/ref=nb_sb_noss?__mk_de_DE=%C3%85M%C3%85%C5%BD%C3%95%C3%91&url=search-alias%3Denglish-books&field-keywords=JasperReports
%%%https://stackoverflow.com/questions/8246425/looking-for-an-alternative-to-jasperreports

%%%% https://www.amazon.de/gp/offer-listing/1849510768/ref=sr_1_2_olp?s=books-intl-de&ie=UTF8&qid=1503303766&sr=1-2&keywords=JasperReports
